<record><leader>00000cas a2200000 a 4500</leader><controlfield tag="001">10837620</controlfield><controlfield tag="008">840613d18761877ksuwr ne      0   a0eng d</controlfield><datafield ind1=" " ind2=" " tag="010"><subfield code="a">sn 84029210 </subfield></datafield><datafield ind1=" " ind2=" " tag="040"><subfield code="a">KSH</subfield><subfield code="b">eng</subfield><subfield code="c">KSH</subfield><subfield code="d">NPT</subfield><subfield code="d">OCL</subfield><subfield code="d">OCLCQ</subfield></datafield><datafield ind1=" " ind2=" " tag="042"><subfield code="a">msc</subfield></datafield><datafield ind1="0" ind2="4" tag="245"><subfield code="a">The Young Cherokee.</subfield></datafield><datafield ind1=" " ind2=" " tag="260"><subfield code="a">Cherokee, Kan. :</subfield><subfield code="b">H.H. Webb &amp; H.L. St. Clair,</subfield><subfield code="c">-1877.</subfield></datafield><datafield ind1=" " ind2=" " tag="300"><subfield code="a">v. ;</subfield><subfield code="c">21-44 cm.</subfield></datafield><datafield ind1=" " ind2=" " tag="310"><subfield code="a">Weekly</subfield></datafield><datafield ind1="0" ind2=" " tag="362"><subfield code="a">-v. 2, no. 4 (May 26, 1877).</subfield></datafield><datafield ind1="1" ind2=" " tag="362"><subfield code="a">Began in 1876.</subfield></datafield><datafield ind1=" " ind2=" " tag="500"><subfield code="a">Published in Short Creek, Kan., May 19, 1877-May 26, 1877.</subfield></datafield><datafield ind1=" " ind2=" " tag="500"><subfield code="a">Published by H.H. Webb, June 24, 1876-May 26, 1877.</subfield></datafield><datafield ind1=" " ind2=" " tag="588"><subfield code="a">Description based on: Vol. 1, no. 5 (June 10, 1876).</subfield></datafield><datafield ind1=" " ind2=" " tag="752"><subfield code="a">United States</subfield><subfield code="b">Kansas</subfield><subfield code="c">Crawford</subfield><subfield code="d">Cherokee.</subfield></datafield><datafield ind1=" " ind2=" " tag="752"><subfield code="a">United States</subfield><subfield code="b">Kansas</subfield><subfield code="c">Cherokee</subfield><subfield code="d">Short Creek.</subfield></datafield><datafield ind1="0" ind2="0" tag="785"><subfield code="t">Mining echo</subfield><subfield code="w">(DLC)sn 83040633</subfield></datafield><datafield ind1="1" ind2=" " tag="029"><subfield code="a">AU@</subfield><subfield code="b">000020341970</subfield></datafield></record>